@misc{eprivacy-directive-2002, 
    title = {{Directive 2002/58/EC of the European Parliament and of the Council}}, 
    author = {{European Union}}, 
    year = {2002}, 
    howpublished = {Official Journal of the European Communities: {L 201/37}}
}

@misc{edpb-guidelines-2020, 
    title = {{Guidelines 05/2020 on consent under Regulation 2016/679}}, 
    author = {{European Data Protection Board}}, 
    year = {2020}, 
    howpublished = {Version 1.1}
}

@misc{nrclex, 
    title = {{NRCLex}}, 
    author = {Mark M. Bailey}, 
    year = {2019}, 
    note = {{GitHub Repository}, available online at \url{https://github.com/metalcorebear/NRCLex}}
}

@misc{desi-report-2020,
      title        = "{Digital Economy and Society Index (DESI) Report 2020: Use of internet services}",
      author       = "{European Commission}",
      year         = 2020
    }

@inproceedings{degeling2018we,
  author    = {Martin Degeling and
               Christine Utz and
               Christopher Lentzsch and
               Henry Hosseini and
               Florian Schaub and
               Thorsten Holz},
  title     = {We Value Your Privacy ... Now Take Some Cookies: Measuring the {GDPR}'s
               Impact on Web Privacy},
  booktitle = {{NDSS}},
  publisher = {The Internet Society},
  year      = {2019}
}
,
@inproceedings{englehardt2016census,
    author    = "Steven Englehardt and Arvind Narayanan",
    title     = "{Online tracking: A 1-million-site measurement and analysis}",
    booktitle = {Proceedings of ACM CCS 2016},
    year      = "2016",
}
,
@inproceedings{kulyk2018website,
	title        = {This website uses cookies: Users’ perceptions and reactions to the cookie disclaimer},
	author       = {Kulyk, Oksana and Hilt, Annika and Gerber, Nina and Volkamer, Melanie},
	year         = 2018,
	booktitle    = {{European Workshop on Usable Security (EuroUSEC)}}
}
,
@inproceedings{nouwens2020dark,
  title={Dark patterns after the {GDPR}: Scraping consent pop-ups and demonstrating their influence},
  author={Nouwens, Midas and Liccardi, Ilaria and Veale, Michael and Karger, David and Kagal, Lalana},
  booktitle={CHI Conference on Human Factors in Computing Systems},
  pages={1--13},
  year={2020}
}
,
@inproceedings{utz2019informed,
	title        = {{(Un)informed Consent: Studying {GDPR} Consent Notices in the Field}},
	author       = {Utz, Christine and Degeling, Martin and Fahl, Sascha and Schaub, Florian and Holz, Thorsten},
	year         = 2019,
	booktitle    = {{ACM SIGSAC Conference on Computer and Communications Security}},
	pages        = {973--990}
}
,
@inproceedings{matte2020cookie,
  title={Do Cookie Banners Respect my Choice?: Measuring Legal Compliance of Banners from {IAB Europe}’s Transparency and Consent Framework},
  author={Matte, C{\'e}lestin and Bielova, Nataliia and Santos, Cristiana},
  booktitle={IEEE Symposium on Security \& Privacy},
  pages={791--809},
  year={2020},
  organization={IEEE}
}
,
@article{council2018deceived,
	title        = {Deceived by design, How tech companies use dark patterns to discourage us from exercising our rights to privacy},
	author       = {{Norwegian Consumer Council}},
	year         = 2018,
	journal      = {Norwegian Consumer Council Report}
}
,
@inproceedings{eijk2019impact,
	title        = {The impact of user location on Cookie Notices (inside and outside of the European union)},
	author       = {van Eijk, Rob and Asghari, Hadi and Winter, Philipp and Narayanan, Arvind},
	year         = 2019,
	booktitle    = {Workshop on Technology and Consumer Protection (ConPro'19)}
}
,
@inproceedings{habib2019empirical,
	title        = {An empirical analysis of data deletion and opt-out choices on 150 websites},
	author       = {Habib, Hana and Zou, Yixin and Jannu, Aditi and Sridhar, Neha and Swoopes, Chelse and Acquisti, Alessandro and Cranor, Lorrie Faith and Sadeh, Norman and Schaub, Florian},
	year         = 2019,
	booktitle    = {{Symposium on Usable Privacy and Security (SOUPS)}}
}
,
@inproceedings{LePochat2019,
	title        = {Tranco: A Research-Oriented Top Sites Ranking Hardened Against Manipulation},
	author       = {{Le Pochat}, Victor and {Van Goethem}, Tom and Tajalizadehkhoob, Samaneh and Korczy\'{n}ski, Maciej and Joosen, Wouter},
	year         = 2019,
	booktitle    = {Network and Distributed System Security Symposium},
	series       = {NDSS}
}
,
@article{wood1998document,
	title        = {{Document object model (DOM) level 1 specification}},
	author       = {Wood, Lauren and Le Hors, Arnaud and Apparao, Vidur and Byrne, Steve and Champion, Mike and Isaacs, Scott and Jacobs, Ian and Nicol, Gavin and Robie, Jonathan and Sutor, Robert and others},
	year         = 1998,
	journal      = {W3C recommendation},
	volume       = 1
}
,
@inproceedings{viking,
	title        = {{Viking Cluster}},
	author       = {},
	year         = {},
	month 		 = {},
	booktitle    = {},
	publisher    = {{University of York}},
	address      = {},
	pages        = {},
	isbn         = {},
	url          = {https://www.york.ac.uk/it-services/research-computing/viking-cluster/},
	note         = {{(Accessed 16/08/2020)}}
}